@ARTICLE{1901AnP...309..513E,
   author = {{Einstein}, A.},
    title = "{Folgerungen aus den Capillarit{\"a}tserscheinungen}",
  journal = {Annalen der Physik},
     year = 1901,
   volume = 309,
    pages = {513-523},
      doi = {10.1002/andp.19013090306},
   adsurl = {http://adsabs.harvard.edu/abs/1901AnP...309..513E},
  adsnote = {Provided by the SAO/NASA Astrophysics Data System}
}

@ARTICLE{2006PhRvD..73l3527H,
   author = {{Hawking}, S.~W. and {Hertog}, T.},
    title = "{Populating the landscape: A top-down approach}",
  journal = {\prd},
   eprint = {hep-th/0602091},
 keywords = {Quantum cosmology, Strings and branes, Particle-theory and field-theory models of the early Universe},
     year = 2006,
    month = jun,
   volume = 73,
   number = 12,
      eid = {123527},
    pages = {123527},
      doi = {10.1103/PhysRevD.73.123527},
   adsurl = {http://adsabs.harvard.edu/abs/2006PhRvD..73l3527H},
  adsnote = {Provided by the SAO/NASA Astrophysics Data System}
}
