@article{li2014object,
    title={Object bank: An object-level image representation for high-level visual recognition},
    author={Li, Li-Jia and Su, Hao and Lim, Yongwhan and Fei-Fei, Li},
    journal={International journal of computer vision},
    volume={107},
    number={1},
    pages={20--39},
    year={2014},
    publisher={Springer},
    address={Germany},
}


@article{bengio2013representation,
    title={Representation learning: A review and new perspectives},
    author={Bengio, Yoshua and Courville, Aaron and Vincent, Pierre},
    journal={Pattern Analysis and Machine Intelligence, IEEE Transactions on},
    volume={35},
    number={8},
    pages={1798--1828},
    year={2013},
    publisher={IEEE}
}


@article{he2018efficient,
    title = {Efficient numerical simulation of simulated moving bed chromatography with a single-column solver},
    author = {Qiao-Le He and Samuel Leweke and Eric von Lieres},
    journal = {Computers \& Chemical Engineering},
    volume = {111},
    pages = {183--198},
    year = {2018},
    publisher = {Elsevier}
}


@misc{he2019bayesian,
    title={Bayesian inference based process design and uncertainty analysis of simulated moving bed chromatographic systems},
    author={Qiao-Le He and Liming Zhao},
    year={2019},
    eprint={1911.12133},
    archivePrefix={arXiv},
    primaryClass={cs.CE}
}


@book{scopes2013protein,
    title={Protein purification: principles and practice},
    author={Scopes, Robert K},
    year={2013},
    publisher={Springer Science \& Business Media}
}

